<?xml version="1.0" encoding="UTF-8"?><collection xmlns="http://www.loc.gov/MARC21/slim"><record><leader>00456nam--2200169-i-4500</leader><controlfield tag="001">000047565</controlfield><controlfield tag="002">20161230</controlfield><controlfield tag="005">20161230201046</controlfield><controlfield tag="008">060222s1000------------r-----000-0-eng-d</controlfield><datafield ind1=" " ind2=" " tag="040"><subfield code="a">IFIN-HH</subfield></datafield><datafield ind1=" " ind2=" " tag="080"><subfield code="a">539.1:53</subfield></datafield><datafield ind1="1" ind2=" " tag="100"><subfield code="a">Williams, George A</subfield></datafield><datafield ind1="1" ind2="0" tag="245"><subfield code="a">Elementary physics: atoms, waves, particles</subfield><subfield code="c">Goerge a. williams</subfield></datafield><datafield ind1=" " ind2=" " tag="260"><subfield code="a">New York</subfield><subfield code="b">Mcgraw-hill Book Company</subfield><subfield code="c">1969</subfield></datafield><datafield ind1=" " ind2=" " tag="300"><subfield code="a">474P</subfield></datafield><datafield ind1=" " ind2=" " tag="852"><subfield code="a">35243</subfield><subfield code="c">539</subfield></datafield><datafield ind1=" " ind2=" " tag="CAT"><subfield code="a">Sys</subfield><subfield code="c">20111006</subfield><subfield code="h">143313</subfield></datafield></record></collection>